<record><leader>00000cas a22000007a 4500</leader><controlfield tag="001">16798969</controlfield><controlfield tag="008">871002c19789999ohuwr ne      0    0eng d</controlfield><datafield ind1=" " ind2=" " tag="010"><subfield code="a">sn 87076723 </subfield></datafield><datafield ind1=" " ind2=" " tag="040"><subfield code="a">ONP</subfield><subfield code="b">eng</subfield><subfield code="c">ONP</subfield><subfield code="d">OCLCQ</subfield></datafield><datafield ind1=" " ind2=" " tag="042"><subfield code="a">msc</subfield></datafield><datafield ind1="0" ind2="0" tag="245"><subfield code="a">Anthony Wayne herald.</subfield></datafield><datafield ind1=" " ind2=" " tag="260"><subfield code="a">Waterville, Ohio :</subfield><subfield code="b">A. Foster Pub.,</subfield><subfield code="c">1978-</subfield></datafield><datafield ind1=" " ind2=" " tag="310"><subfield code="a">Weekly</subfield></datafield><datafield ind1="0" ind2=" " tag="362"><subfield code="a">Vol. 57, no. 17 (Apr. 27, 1978)-</subfield></datafield><datafield ind1=" " ind2=" " tag="752"><subfield code="a">United States</subfield><subfield code="b">Ohio</subfield><subfield code="c">Lucas</subfield><subfield code="d">Waterville.</subfield></datafield><datafield ind1="0" ind2="0" tag="780"><subfield code="t">Anthony Wayne standard</subfield><subfield code="w">(DLC)sn 87076724</subfield></datafield></record>